@Book{lee2011,
 author = {Lee, John},
 title = {Introduction to topological manifolds},
 publisher = {Springer},
 year = {2011},
 address = {New York},
 isbn = {978-1-4419-7939-1}
 }
 
 @Book{munkres2000,
 author = {Munkres, James},
 title = {Topology},
 publisher = {Prentice Hall, Inc},
 year = {2000},
 address = {Upper Saddle River, NJ},
 isbn = {978-0131816299}
 }
 
 @Book{hatcher2002,
 author = {Hatcher, Allen},
 title = {Algebraic topology},
 publisher = {Cambridge University Press},
 year = {2002},
 address = {Cambridge New York},
 isbn = {0-521-79540-0}
 }
 
@article{gordon1989,
author = "Gordon, Cameron McA. and Luecke, John",
fjournal = "Bulletin (New Series) of the American Mathematical Society",
journal = "Bull. Amer. Math. Soc. (N.S.)",
month = "01",
number = "1",
pages = "83--87",
publisher = "American Mathematical Society",
title = "Knots are determined by their complements",
url = "https://projecteuclid.org:443/euclid.bams/1183554911",
volume = "20",
year = "1989"
}

@Article{boileau1989,
author="Boileau, Michel
and Zimmermann, Bruno",
title="The $\pi$-orbifold group of a link",
journal="Mathematische Zeitschrift",
year="1989",
month="Jun",
day="01",
volume="200",
number="2",
pages="187--208",
issn="1432-1823",
doi="10.1007/BF01230281",
url="https://doi.org/10.1007/BF01230281"
}

@article{felikson2009, 
title={Reflection subgroups of Coxeter groups}, 
volume={362}, 
DOI={10.1090/s0002-9947-09-04859-4}, 
number={02}, 
journal={Transactions of the American Mathematical Society}, author={Felikson, Anna and Tumarkin, Pavel}, 
year={2009}, 
pages={847â€“858}}

@Book{docarmo1976,
 author = {do Carmo, Manfredo},
 title = {Differential geometry of curves and surfaces},
 publisher = {Prentice-Hall},
 year = {1976},
 address = {Upper Saddle River, N.J},
 isbn = {978-0132125895}
 }

@Book{rolfsen2003,
 author = {Rolfsen, Dale},
 title = {Knots and links},
 publisher = {AMS Chelsea Pub},
 year = {2003},
 address = {Providence, R.I},
 isbn = {978-0-8218-3436-7}
 }
 
 @book{humphreys1990, 
 place={Cambridge}, 
 series={Cambridge Studies in Advanced Mathematics}, 
 title={Reflection Groups and Coxeter Groups}, 
 DOI={10.1017/CBO9780511623646}, 
 publisher={Cambridge University Press}, 
 author={Humphreys, James E.}, 
 year={1990}, 
 collection={Cambridge Studies in Advanced Mathematics}
 }
 
 @Book{davis2008,
 author = {Davis, Michael},
 title = {The geometry and topology of coxeter groups},
 publisher = {Princeton University Press},
 year = {2008},
 address = {Princeton},
 isbn = {9781400845941}
 }
 
 @article{coxeter1935,
  doi = {10.1112/jlms/s1-10.37.21},
  url = {https://doi.org/10.1112/jlms/s1-10.37.21},
  year = {1935},
  month = jan,
  publisher = {Wiley},
  volume = {s1-10},
  number = {1},
  pages = {21--25},
  author = {Harold S. M. Coxeter},
  title = {The Complete Enumeration of Finite Groups of the Form $r_i^2=(r_ir_j)^{k_{ij}}=1$},
  journal = {Journal of the London Mathematical Society}
}

@article{brunner1992,
  doi = {10.1016/0166-8641(92)90145-p},
  url = {https://doi.org/10.1016/0166-8641(92)90145-p},
  year = {1992},
  month = dec,
  publisher = {Elsevier {BV}},
  volume = {48},
  number = {3},
  pages = {245--262},
  author = {Andrew M. Brunner},
  title = {Geometric quotients of link groups},
  journal = {Topology and its Applications}
}

@Article{schubert1954,
author="Schubert, Horst",
title="{\"U}ber eine numerische {K}noteninvariante",
journal="Mathematische Zeitschrift",
year="1954",
month="Dec",
day="01",
volume="61",
number="1",
pages="245--288",
issn="1432-1823",
doi="10.1007/BF01181346",
url="https://doi.org/10.1007/BF01181346"
}


@ARTICLE{przytycki1998,
journal="Banach Center Publications",
pages="275--295",
       author = {{Przytycki}, Jozef H.},
        title = "{3-coloring and other elementary invariants of knots}",
      year = "1998",
        month = "Aug",
  }

@book{kirby1995,
    author = {Rob Kirby (Ed.)},
    title = {Problems in Low-Dimensional Topology},
    booktitle = {Proceedings of Georgia Topology Conference, Part 2},
    year = {1995},
    pages = {35--473},
    publisher = {Press}
}

@article{cappell1978,
title = "A note on the Smith conjecture",
author = "Sylvain Cappell and Shaneson, {Julius L.}",
year = "1978",
doi = "10.1016/0040-9383(78)90017-4",
language = "English (US)",
volume = "17",
pages = "105--107",
journal = "Topology",
issn = "0040-9383",
publisher = "Elsevier Limited",
number = "1",
}

@ARTICLE{baader2019,
       author = {{Baader}, Sebastian and {Blair}, Ryan and {Kjuchukova}, Alexandra},
        title = "{Coxeter groups and meridional rank of links}",
      journal = {arXiv e-prints},
     keywords = {Mathematics - Geometric Topology},
         year = "2019",
        month = "Jul",
          eid = {arXiv:1907.02982},
        pages = {arXiv:1907.02982},
archivePrefix = {arXiv},
       eprint = {1907.02982},
 primaryClass = {math.GT},
       adsurl = {https://ui.adsabs.harvard.edu/abs/2019arXiv190702982B},
      adsnote = {Provided by the SAO/NASA Astrophysics Data System}
}

@article{zieschang1985,
author = {Zieschang, Heiner and Boileau, Michel},
journal = {Commentarii mathematici Helvetici},
keywords = {bridge number of a link; link group; generalized Montesinos links; Seifert fibre space},
pages = {270-279},
title = {Nombre de ponts et g\'en\'erateurs m\'eridiens des entrelaces de Montesinos.},
url = {http://eudml.org/doc/140012},
volume = {60},
year = {1985},
}

@ARTICLE{boileau2015,
       author = {{Boileau}, Michel and {Jang}, Yeonhee and {Weidmann}, Richard},
        title = "{Meridional rank and bridge number for a class of links}",
      journal = {arXiv e-prints},
     keywords = {Mathematics - Geometric Topology},
         year = "2015",
        month = "Oct",
          eid = {arXiv:1510.00816},
        pages = {arXiv:1510.00816},
archivePrefix = {arXiv},
       eprint = {1510.00816},
 primaryClass = {math.GT},
       adsurl = {https://ui.adsabs.harvard.edu/abs/2015arXiv151000816B},
      adsnote = {Provided by the SAO/NASA Astrophysics Data System}
}

@article{rost1987,
author = {Rost, Markus and Zieschang, Heiner},
title = {Meridional Generators and Plat Presentations of Torus Links},
journal = {Journal of the London Mathematical Society},
volume = {s2-35},
number = {3},
pages = {551-562},
doi = {10.1112/jlms/s2-35.3.551},
url = {https://londmathsoc.onlinelibrary.wiley.com/doi/abs/10.1112/jlms/s2-35.3.551},
eprint = {https://londmathsoc.onlinelibrary.wiley.com/doi/pdf/10.1112/jlms/s2-35.3.551},
abstract = {For the torus link t(a, b) the bridge-number and the minimal number of meridional (Wirtinger) generators necessary to generate the knot group coincide and are equal to min (|a|, |b|). Moreover, any two minimal plat presentations of t(a, b) are algebraically equivalent.},
year = {1987}
}


@article{lustig1993,
author = {Lustig, Martin and Moriah, Yoav},
year = {1993},
month = {01},
pages = {167-189},
title = {Generalized Montesinos knots, tunnels andN-torsion},
volume = {295},
journal = {Mathematische Annalen},
doi = {10.1007/BF01444882}
}

@article{cornwell2014,
author = {Cornwell, Christopher and Hemminger, David},
year = {2014},
month = {08},
title = {Augmentation Rank of Satellites with Braid Pattern},
volume = {24},
journal = {Communications in Analysis and Geometry},
doi = {10.4310/CAG.2016.v24.n5.a2}
}

@article{boileau2017,
title = "Meridional rank of knots whose exterior is a graph manifold",
journal = "Topology and its Applications",
volume = "228",
pages = "458 - 485",
year = "2017",
issn = "0166-8641",
doi = "https://doi.org/10.1016/j.topol.2017.06.008",
url = "http://www.sciencedirect.com/science/article/pii/S0166864117302997",
author = "Michel Boileau and Ederson Dutra and Yeonhee Jang and Richard Weidmann",
keywords = "Knots, Bridge number, Meridional rank",
abstract = "We prove for a large class of knots that the meridional rank coincides with the bridge number. This class contains all knots whose exterior is a graph manifold. This gives a partial answer to a question of S. Cappell and J. Shaneson [10, pb 1.11]."
}

@ARTICLE{baader2017,
       author = {{Baader}, Sebastian and {Kjuchukova}, Alexandra},
        title = "{Symmetric quotients of knot groups and a filtration of the Gordian graph}",
      journal = {arXiv e-prints},
     keywords = {Mathematics - Geometric Topology},
         year = "2017",
        month = "Nov",
          eid = {arXiv:1711.08144},
        pages = {arXiv:1711.08144},
archivePrefix = {arXiv},
       eprint = {1711.08144},
 primaryClass = {math.GT},
       adsurl = {https://ui.adsabs.harvard.edu/abs/2017arXiv171108144B},
      adsnote = {Provided by the SAO/NASA Astrophysics Data System}
}

@incollection{tits1969,
	doi = {10.1016/b978-1-4832-2995-9.50013-1},
	url = {https://doi.org/10.1016%2Fb978-1-4832-2995-9.50013-1},
	year = 1969,
	publisher = {Elsevier},
	pages = {175--185},
	author = {Jacques Tits},
	title = {Le probl\`eme des mots dans les groupes de {C}oxeter},
	booktitle = {Symposia Mathematica}
}

@article{schultens2007,
author = {Schultens, Jennifer},
year = {2007},
month = {11},
pages = {621 - 625},
title = {Bridge numbers of torus knots},
volume = {143},
journal = {Mathematical Proceedings of the Cambridge Philosophical Society},
doi = {10.1017/S0305004107000448}
}

@book{burde2003,
  title={Knots},
  author={Burde, Gerhard and Zieschang, Heiner},
  isbn={9783110170054},
  lccn={2002034764},
  series={De Gruyter studies in mathematics},
  url={https://books.google.ch/books?id=MWTuMJOvwzgC},
  year={2003},
  publisher={Walter de Gruyter}
}

@book{livingston1993, title={Knot Theory}, DOI={10.5948/UPO9781614440239}, publisher={Mathematical Association of America}, author={Livingston, Charles}, year={1993}}


@Book{lickorish1997,
 author = {Lickorish, William B. R.},
 title = {An introduction to knot theory},
 publisher = {Springer},
 year = {1997},
 address = {New York},
 isbn = {978-0-387-98254-0}
 }
