@Book{lee2011,
 author = {Lee, John},
 title = {Introduction to topological manifolds},
 publisher = {Springer},
 year = {2011},
 address = {New York},
 isbn = {978-1-4419-7939-1}
 }
 
 @Book{munkres2000,
 author = {Munkres, James},
 title = {Topology},
 publisher = {Prentice Hall, Inc},
 year = {2000},
 address = {Upper Saddle River, NJ},
 isbn = {978-0131816299}
 }
 
 @Book{hatcher2002,
 author = {Hatcher, Allen},
 title = {Algebraic topology},
 publisher = {Cambridge University Press},
 year = {2002},
 address = {Cambridge New York},
 isbn = {0-521-79540-0}
 }
 
@article{gordon1989,
author = "Gordon, C. McA. and Luecke, J.",
fjournal = "Bulletin (New Series) of the American Mathematical Society",
journal = "Bull. Amer. Math. Soc. (N.S.)",
month = "01",
number = "1",
pages = "83--87",
publisher = "American Mathematical Society",
title = "Knots are determined by their complements",
url = "https://projecteuclid.org:443/euclid.bams/1183554911",
volume = "20",
year = "1989"
}

@Article{boileau1989,
author="Boileau, Michel
and Zimmermann, Bruno",
title="The $\pi$-orbifold group of a link",
journal="Mathematische Zeitschrift",
year="1989",
month="Jun",
day="01",
volume="200",
number="2",
pages="187--208",
issn="1432-1823",
doi="10.1007/BF01230281",
url="https://doi.org/10.1007/BF01230281"
}

@article{felikson2009, 
title={Reflection subgroups of Coxeter groups}, 
volume={362}, 
DOI={10.1090/s0002-9947-09-04859-4}, 
number={02}, 
journal={Transactions of the American Mathematical Society}, author={Felikson, Anna and Tumarkin, Pavel}, 
year={2009}, 
pages={847â€“858}}

@Book{docarmo1976,
 author = {do Carmo, Manfredo},
 title = {Differential geometry of curves and surfaces},
 publisher = {Prentice-Hall},
 year = {1976},
 address = {Upper Saddle River, N.J},
 isbn = {978-0132125895}
 }
 
 @ARTICLE{hosaka2005,
       author = {{Hosaka}, Tetsuya},
        title = "{On the center of a Coxeter group}",
      journal = {arXiv Mathematics e-prints},
     keywords = {Mathematics - Group Theory, 20F55},
         year = "2005",
        month = "Oct",
          eid = {math/0510510},
        pages = {math/0510510},
archivePrefix = {arXiv},
       eprint = {math/0510510},
 primaryClass = {math.GR},
       adsurl = {https://ui.adsabs.harvard.edu/abs/2005math.....10510H},
      adsnote = {Provided by the SAO/NASA Astrophysics Data System}
}

