@Book{lee2011,
 author = {Lee, John},
 title = {Introduction to topological manifolds},
 publisher = {Springer},
 year = {2011},
 address = {New York},
 isbn = {978-1-4419-7939-1}
 }
 
 @Book{munkres2000,
 author = {Munkres, James},
 title = {Topology},
 publisher = {Prentice Hall, Inc},
 year = {2000},
 address = {Upper Saddle River, NJ},
 isbn = {978-0131816299}
 }
 
 @Book{hatcher2002,
 author = {Hatcher, Allen},
 title = {Algebraic topology},
 publisher = {Cambridge University Press},
 year = {2002},
 address = {Cambridge New York},
 isbn = {0-521-79540-0}
 }
 
@article{gordon1989,
author = "Gordon, Cameron McA. and Luecke, J.",
fjournal = "Bulletin (New Series) of the American Mathematical Society",
journal = "Bull. Amer. Math. Soc. (N.S.)",
month = "01",
number = "1",
pages = "83--87",
publisher = "American Mathematical Society",
title = "Knots are determined by their complements",
url = "https://projecteuclid.org:443/euclid.bams/1183554911",
volume = "20",
year = "1989"
}

@Article{boileau1989,
author="Boileau, Michel
and Zimmermann, Bruno",
title="The $\pi$-orbifold group of a link",
journal="Mathematische Zeitschrift",
year="1989",
month="Jun",
day="01",
volume="200",
number="2",
pages="187--208",
issn="1432-1823",
doi="10.1007/BF01230281",
url="https://doi.org/10.1007/BF01230281"
}

@article{felikson2009, 
title={Reflection subgroups of Coxeter groups}, 
volume={362}, 
DOI={10.1090/s0002-9947-09-04859-4}, 
number={02}, 
journal={Transactions of the American Mathematical Society}, author={Felikson, Anna and Tumarkin, Pavel}, 
year={2009}, 
pages={847â€“858}}

@Book{docarmo1976,
 author = {do Carmo, Manfredo},
 title = {Differential geometry of curves and surfaces},
 publisher = {Prentice-Hall},
 year = {1976},
 address = {Upper Saddle River, N.J},
 isbn = {978-0132125895}
 }

@Book{rolfsen2003,
 author = {Rolfsen, Dale},
 title = {Knots and links},
 publisher = {AMS Chelsea Pub},
 year = {2003},
 address = {Providence, R.I},
 isbn = {978-0-8218-3436-7}
 }
 
 @book{humphreys1990, 
 place={Cambridge}, 
 series={Cambridge Studies in Advanced Mathematics}, 
 title={Reflection Groups and Coxeter Groups}, 
 DOI={10.1017/CBO9780511623646}, 
 publisher={Cambridge University Press}, 
 author={Humphreys, James E.}, 
 year={1990}, 
 collection={Cambridge Studies in Advanced Mathematics}
 }
 
 @Book{davis2008,
 author = {Davis, Michael},
 title = {The geometry and topology of coxeter groups},
 publisher = {Princeton University Press},
 year = {2008},
 address = {Princeton},
 isbn = {9781400845941}
 }
 
 @article{coxeter1935,
  doi = {10.1112/jlms/s1-10.37.21},
  url = {https://doi.org/10.1112/jlms/s1-10.37.21},
  year = {1935},
  month = jan,
  publisher = {Wiley},
  volume = {s1-10},
  number = {1},
  pages = {21--25},
  author = {Harold S. M. Coxeter},
  title = {The Complete Enumeration of Finite Groups of the Form $r_i^2=(r_ir_j)^{k_{ij}}=1$},
  journal = {Journal of the London Mathematical Society}
}

@article{brunner1992,
  doi = {10.1016/0166-8641(92)90145-p},
  url = {https://doi.org/10.1016/0166-8641(92)90145-p},
  year = {1992},
  month = dec,
  publisher = {Elsevier {BV}},
  volume = {48},
  number = {3},
  pages = {245--262},
  author = {Andrew M. Brunner},
  title = {Geometric quotients of link groups},
  journal = {Topology and its Applications}
}

@Article{schubert1954,
author="Schubert, Horst",
title="{\"U}ber eine numerische {K}noteninvariante",
journal="Mathematische Zeitschrift",
year="1954",
month="Dec",
day="01",
volume="61",
number="1",
pages="245--288",
issn="1432-1823",
doi="10.1007/BF01181346",
url="https://doi.org/10.1007/BF01181346"
}


@ARTICLE{przytycki1998,
journal="Banach Center Publications",
pages="275--295",
       author = {{Przytycki}, Jozef H.},
        title = "{3-coloring and other elementary invariants of knots}",
      year = "1998",
        month = "Aug",
  }

